@BOOK{,
  author =       {},
  editor =       {},
  title =        {},
  publisher =    {},
  year =         {},
  volume =       {},
  number =       {},
  series =       {},
  address =      {},
  edition =      {},
  month =        {},
  note =         {},
  abstract =     {},
  isbn =         {},
  price =        {},
  keywords =     {},
  source =       {},
}
