@INBOOK{,
  author =       {},
  editor =       {},
  title =        {},
  chapter =      {},
  pages =        {},
  publisher =    {},
  year =         {},
  volume =       {},
  number =       {},
  series =       {},
  type =         {},
  address =      {},
  edition =      {},
  month =        {},
  note =         {},
  abstract =     {},
  keywords =     {},
}
