@INCOLLECTION{,
  crossref =     {},
  author =       {},
  title =        {},
  chapter =      {},
  pages =        {},
  note =         {},
  abstract =     {},
  keywords =     {},
}
