@MANUAL{,
  title =        {},
  author =       {},
  organization = {},
  address =      {},
  edition =      {},
  month =        {},
  year =         {},
  note =         {},
  abstract =     {},
  keywords =     {},
  source =       {},
}
