@MASTERSTHESIS{,
  author =       {},
  title =        {},
  school =       {},
  year =         {},
  type =         {},
  address =      {},
  month =        {},
  note =         {},
  abstract =     {},
  keywords =     {},
  source =       {},
}
