@MISC{,
  author =       {},
  title =        {},
  howpublished = {},
  year =         {},
  month =        {},
  note =         {},
  abstract =     {},
  keywords =     {},
  source =       {},
}
