@UNPUBLISHED{,
  author =       {},
  title =        {},
  note =         {},
  year =         {},
  month =        {},
  abstract =     {},
  keywords =     {},
  source =       {},
}
