@ARTICLE{,
  author =       {},
  title =        {},
  journal =      {},
  year =         {},
  volume =       {},
  number =       {},
  pages =        {},
  month =        {},
  note =         {},
  abstract =     {},
  keywords =     {},
  source =       {},
  doi =          {},
}
