@CONFERENCE{,
  author =       {},
  title =        {},
  booktitle =    {},
  year =         {},
  editor =       {},
  volume =       {},
  series =       {},
  pages  =       {},
  address =      {},
  month =        {},
  organization = {},
  publisher =    {},
  note =         {},
  key =          {},
  crossref =     {},
  annote =       {},
}
