@INPROCEEDINGS{,
  author =       {},
  title =        {},
  booktitle =    {},
  year =         {},
  editor =       {},
  volume =       {},
  number =       {},
  series =       {},
  pages =        {},
  address =      {},
  month =        {},
  organization = {},
  publisher =    {},
  note =         {},
  abstract =     {},
  keywords =     {},
}
