@PROCEEDINGS{,
  title =        {},
  year =         {},
  editor =       {},
  publisher =    {},
  volume =       {},
  number =       {},
  series =       {},
  organization = {},
  address =      {},
  month =        {},
  note =         {},
  abstract =     {},
  isbn =         {},
  price =        {},
  keywords =     {},
  source =       {},
}
