@TECHREPORT{,
  author =       {},
  title =        {},
  institution =  {},
  year =         {},
  type =         {},
  number =       {},
  address =      {},
  month =        {},
  note =         {},
  abstract =     {},
  keywords =     {},
  source =       {},
}
